<?xml version="1.0" encoding="UTF-8"?>
<record xmlns="http://www.loc.gov/MARC21/slim">
   <leader>01041cam a2200253Ma 4500</leader>
   <controlfield tag="001">1699640</controlfield>
   <controlfield tag="003">NjP</controlfield>
   <controlfield tag="005">20170301182410.0</controlfield>
   <controlfield tag="008">880229s1968    iq a     b    001 0 araod</controlfield>
   <datafield tag="024" ind1="7" ind2=" ">
      <subfield code="a">princeton_aco004916</subfield>
      <subfield code="2">local</subfield>
   </datafield>
   <datafield ind1=" " ind2=" " tag="035">
      <subfield code="a">(OCoLC)ocm17814900</subfield>
   </datafield>
   <datafield ind1=" " ind2=" " tag="035">
      <subfield code="9">CFM4541TS</subfield>
   </datafield>
   <datafield ind1=" " ind2=" " tag="040">
      <subfield code="a">NYP</subfield>
      <subfield code="c">NYP</subfield>
      <subfield code="d">PUL</subfield>
   </datafield>
   <datafield ind1="2" ind2=" " tag="100">
      <subfield code="a">ʻIzz al-Dīn, Yūsuf.</subfield>
   </datafield>
   <datafield ind1="1" ind2="0" tag="245">
      <subfield code="a">Makhṭūṭāt ʻArabīyah fī Maktabat Sūfīyā al-Waṭanīyah al-Bulghārīyah /</subfield>
      <subfield code="c">taṣnīf Yūsusf ʻIzz al-Dīn.</subfield>
   </datafield>
   <datafield ind1=" " ind2=" " tag="260">
      <subfield code="a">Baghdād :</subfield>
      <subfield code="b">al-Majmaʻ al-ʻIlmī al-ʻIrāqī,</subfield>
      <subfield code="c">1968.</subfield>
   </datafield>
   <datafield ind1=" " ind2=" " tag="300">
      <subfield code="a">167 p. :</subfield>
      <subfield code="b">ill. ;</subfield>
      <subfield code="c">25 cm.</subfield>
   </datafield>
   <datafield ind1=" " ind2="0" tag="440">
      <subfield code="a">Maṭbūʻāt al-Majmaʻ al-ʻIlmī al-ʻIrāqī</subfield>
   </datafield>
   <datafield ind1=" " ind2=" " tag="500">
      <subfield code="a">In Arabic.</subfield>
   </datafield>
   <datafield ind1=" " ind2=" " tag="500">
      <subfield code="a">Added t.p.s in English and Russian.</subfield>
   </datafield>
   <datafield ind1=" " ind2="0" tag="650">
      <subfield code="a">Manuscripts, Arabic</subfield>
      <subfield code="z">Bulgaria</subfield>
      <subfield code="z">Sofia</subfield>
      <subfield code="v">Catalogs.</subfield>
   </datafield>
   <datafield ind1="2" ind2=" " tag="710">
      <subfield code="a">Narodna biblioteka "Kiril i Metodiĭ"</subfield>
      <subfield code="0">http://id.loc.gov/authorities/names/n81011272</subfield>
   </datafield>
   <datafield ind1="0" ind2=" " tag="740">
      <subfield code="a">Arabic manuscripts in the National Library of Sofia.</subfield>
   </datafield>
   <datafield ind1=" " ind2=" " tag="947">
      <subfield code="a">CFM4541</subfield>
   </datafield>
   <datafield ind1=" " ind2=" " tag="911">
      <subfield code="a">19990626</subfield>
   </datafield>
   <datafield ind1="0" ind2="0" tag="852">
      <subfield code="0">1958117</subfield>
      <subfield code="b">f</subfield>
      <subfield code="t">0</subfield>
      <subfield code="h">Z6621.N373</subfield>
      <subfield code="i">A7335 1968</subfield>
   </datafield>
   <datafield ind1=" " ind2=" " tag="959">
      <subfield code="a">2000-06-13 00:00:00 -0400</subfield>
   </datafield>
</record>
